%% Bibliography for the thesis

@article{warrick2005aerodynamics,
  title={Aerodynamics of the hovering hummingbird},
  author={Warrick, Douglas R and Tobalske, Bret W and Powers, Donald R},
  journal={Nature},
  volume={435},
  number={7045},
  pages={1094--1097},
  year={2005},
  publisher={Nature Publishing Group}
}

@article{fish2006passive,
  title={Passive and active flow control by swimming fishes and mammals},
  author={Fish, FE and Lauder, GV},
  journal={Annu. Rev. Fluid Mech.},
  volume={38},
  pages={193--224},
  year={2006},
  publisher={Annual Reviews}
}

@article{muijres2008leading,
  title={Leading-edge vortex improves lift in slow-flying bats},
  author={Muijres, FT and Johansson, LC and Barfield, Ryan and Wolf, Marta and Spedding, GR and Hedenstr{\"o}m, Anders},
  journal={Science},
  volume={319},
  number={5867},
  pages={1250--1253},
  year={2008},
  publisher={American Association for the Advancement of Science}
}

@article{ellington1996leading,
  title={Leading-edge vortices in insect flight},
  author={Ellington, Charles P and Van Den Berg, Coen and Willmott, Alexander P and Thomas, Adrian LR},
  year={1996},
  publisher={Nature Publishing Group}
}

@article{srygley2002unconventional,
  title={Unconventional lift-generating mechanisms in free-flying butterflies},
  author={Srygley, RB and Thomas, ALR},
  journal={Nature},
  volume={420},
  number={6916},
  pages={660--664},
  year={2002},
  publisher={Nature Publishing Group}
}

@article{sane2003aerodynamics,
  title={The aerodynamics of insect flight},
  author={Sane, Sanjay P},
  journal={The journal of experimental Biology},
  volume={206},
  number={23},
  pages={4191--4208},
  year={2003},
  publisher={The Company of Biologists Ltd}
}

@article{ellington1999novel,
  title={The novel aerodynamics of insect flight: applications to micro-air vehicles},
  author={Ellington, Charles P},
  journal={Journal of Experimental Biology},
  volume={202},
  number={23},
  pages={3439--3448},
  year={1999},
  publisher={The Company of Biologists Ltd}
}

@article{wang2005dissecting,
  title={Dissecting insect flight},
  author={Wang, Z Jane},
  journal={Annu. Rev. Fluid Mech.},
  volume={37},
  pages={183--210},
  year={2005},
  publisher={Annual Reviews}
}

@article{triantafyllou2000hydrodynamics,
  title={Hydrodynamics of fishlike swimming},
  author={Triantafyllou, MS and Triantafyllou, GS and Yue, DKP},
  journal={Annual review of fluid mechanics},
  volume={32},
  number={1},
  pages={33--53},
  year={2000},
  publisher={Annual Reviews 4139 El Camino Way, PO Box 10139, Palo Alto, CA 94303-0139, USA}
}

@article{lauder2007fish,
  title={Fish biorobotics: kinematics and hydrodynamics of self-propulsion},
  author={Lauder, George V and Anderson, Erik J and Tangorra, James and Madden, Peter GA},
  journal={Journal of Experimental Biology},
  volume={210},
  number={16},
  pages={2767--2780},
  year={2007},
  publisher={The Company of Biologists Ltd}
}

@article{tokic2012optimal,
  title={Optimal shape and motion of undulatory swimming organisms},
  author={Toki{\'c}, Grgur and Yue, Dick KP},
  journal={Proceedings of the Royal Society of London B: Biological Sciences},
  volume={279},
  number={1740},
  pages={3065--3074},
  year={2012},
  publisher={The Royal Society}
}

@article{van2013optimal,
  title={Optimal shapes for anguilliform swimmers at intermediate Reynolds numbers},
  author={van Rees, Wim M and Gazzola, Mattia and Koumoutsakos, Petros},
  journal={Journal of Fluid Mechanics},
  volume={722},
  pages={R3},
  year={2013},
  publisher={Cambridge Univ Press}
}

@article{milano2005uncovering,
  title={Uncovering the physics of flapping flat plates with artificial evolution},
  author={Milano, Michele and Gharib, Morteza},
  journal={Journal of Fluid Mechanics},
  volume={534},
  pages={403--409},
  year={2005},
  publisher={Cambridge Univ Press}
}

@article{eloy2011optimisation,
  title={Optimisation of two-dimensional undulatory swimming at high Reynolds number},
  author={Eloy, Christophe and Schouveiler, Lionel},
  journal={International Journal of Non-Linear Mechanics},
  volume={46},
  number={4},
  pages={568--576},
  year={2011},
  publisher={Elsevier}
}

@incollection{kawamura2008clapping,
  title={Clapping-wing micro air vehicle of insect size},
  author={Kawamura, Yoshiyuki and Souda, Satoshi and Nishimoto, Satoshi and Ellington, Charles P},
  booktitle={Bio-mechanisms of Swimming and Flying},
  pages={319--330},
  year={2008},
  publisher={Springer}
}

@inproceedings{karpelson2010energetics,
  title={Energetics of flapping-wing robotic insects: towards autonomous hovering flight},
  author={Karpelson, Michael and Whitney, John P and Wei, Gu-Yeon and Wood, Robert J},
  booktitle={Intelligent Robots and Systems (IROS), 2010 IEEE/RSJ International Conference on},
  pages={1630--1637},
  year={2010},
  organization={IEEE}
}

@article{wood2008first,
  title={The first takeoff of a biologically inspired at-scale robotic insect},
  author={Wood, Robert J},
  journal={Robotics, IEEE Transactions on},
  volume={24},
  number={2},
  pages={341--347},
  year={2008},
  publisher={IEEE}
}

@article{pesavento2009flapping,
  title={Flapping wing flight can save aerodynamic power compared to steady flight},
  author={Pesavento, Umberto and Wang, Z Jane},
  journal={Physical review letters},
  volume={103},
  number={11},
  pages={118102},
  year={2009},
  publisher={APS}
}

@book{lions1971optimal,
  title={Optimal control of systems governed by partial differential equations},
  author={Lions, Jacques Louis},
  volume={170},
  year={1971},
  publisher={Springer Verlag}
}


@article{jameson1988aerodynamic,
  title={Aerodynamic design via control theory},
  author={Jameson, Antony},
  journal={Journal of scientific computing},
  volume={3},
  number={3},
  pages={233--260},
  year={1988},
  publisher={Springer}
}

@article{jameson1998optimum,
  title={Optimum aerodynamic design using the Navier-Stokes equations},
  author={Jameson, Antony and Martinelli, L and Pierce, NA},
  journal={Theoretical and computational fluid dynamics},
  volume={10},
  number={1-4},
  pages={213--237},
  year={1998},
  publisher={Springer Science+ Business Media, Van Godewijckstraat 30 Dordrecht 3311 GX Netherlands}
}

@article{bewley2000general,
  title={A general framework for robust control in fluid mechanics},
  author={Bewley, Thomas R and Temam, Roger and Ziane, Mohammed},
  journal={Physica D: Nonlinear Phenomena},
  volume={138},
  number={3},
  pages={360--392},
  year={2000},
  publisher={Elsevier}
}

@article{kim2007linear,
  title={A linear systems approach to flow control},
  author={Kim, John and Bewley, Thomas R},
  journal={Annu. Rev. Fluid Mech.},
  volume={39},
  pages={383--417},
  year={2007},
  publisher={Annual Reviews}
}

@article{wang2009minimal,
  title={Minimal repetition dynamic checkpointing algorithm for unsteady adjoint calculation},
  author={Wang, Qiqi and Moin, Parviz and Iaccarino, Gianluca},
  journal={SIAM Journal on Scientific Computing},
  volume={31},
  number={4},
  pages={2549--2567},
  year={2009},
  publisher={SIAM}
}

@inproceedings{yu2013high,
  title={High-fidelity optimization of flapping airfoils for maximum propulsive efficiency},
  author={Yu, Meilin and Wang, Zhijian and Hu, Hui},
  booktitle={51st AIAA Aerospace Sciences Meeting including the New Horizons Forum and Aerospace Exposition},
  pages={85},
  year={2013}
}

@phdthesis{culbreth2013high,
  title={High Fidelity Optimization of Flapping Airfoils and Wings},
  author={Culbreth, Matthew},
  year={2013},
  school={Stanford University}
}

@book{saffman1992vortex,
  title={Vortex dynamics},
  author={Saffman, Philip G},
  year={1992},
  publisher={Cambridge university press}
}

@article{booty2010hybrid,
  title={A hybrid numerical method for interfacial fluid flow with soluble surfactant},
  author={Booty, MR and Siegel, M},
  journal={Journal of computational Physics},
  volume={229},
  number={10},
  pages={3864--3883},
  year={2010},
  publisher={Elsevier}
}

@article{mittal2005immersed,
  title={Immersed boundary methods},
  author={Mittal, Rajat and Iaccarino, Gianluca},
  journal={Annu. Rev. Fluid Mech.},
  volume={37},
  pages={239--261},
  year={2005},
  publisher={Annual Reviews}
}

@article{tanabe1994behavior,
  title={Behavior of a falling paper},
  author={Tanabe, Yoshihiro and Kaneko, Kunihiko},
  journal={Physical review letters},
  volume={73},
  number={10},
  pages={1372},
  year={1994},
  publisher={APS}
}

@article{mahadevan1996tumbling,
  title={Tumbling of a falling card},
  author={Mahadevan, Lakshminarayanan},
  journal={Comptes rendus de l'Acad{\'e}mie des sciences. S{\'e}rie II, M{\'e}canique, physique, chimie, astronomie},
  volume={323},
  number={11},
  pages={729--736},
  year={1996},
  publisher={Elsevier}
}

@article{belmonte1998flutter,
  title={From flutter to tumble: inertial drag and Froude similarity in falling paper},
  author={Belmonte, Andrew and Eisenberg, Hagai and Moses, Elisha},
  journal={Physical Review Letters},
  volume={81},
  number={2},
  pages={345},
  year={1998},
  publisher={APS}
}

@article{mahadevan1999tumbling,
  title={Tumbling cards},
  author={Mahadevan, L and Ryu, William S and Samuel, Aravinthan DT},
  journal={Physics of Fluids (1994-present)},
  volume={11},
  number={1},
  pages={1--3},
  year={1999},
  publisher={AIP Publishing}
}

@article{pesavento2004falling,
  title={Falling paper: Navier-Stokes solutions, model of fluid forces, and center of mass elevation},
  author={Pesavento, Umberto and Wang, Z Jane},
  journal={Physical review letters},
  volume={93},
  number={14},
  pages={144501},
  year={2004},
  publisher={APS}
}

@article{andersen2005unsteady,
  title={Unsteady aerodynamics of fluttering and tumbling plates},
  author={Andersen, A and Pesavento, U and Wang, Z Jane},
  journal={Journal of Fluid Mechanics},
  volume={541},
  pages={65--90},
  year={2005},
  publisher={Cambridge Univ Press}
}

@book{hansen2004beddoes,
  title={A Beddoes-Leishman type dynamic stall model in state-space and indicial formulations},
  author={Hansen, Morten Hartvig and Gaunaa, Mac and Aagaard Madsen, Helge},
  year={2004}
}

@article{brunton2013empirical,
  title={Empirical state-space representations for Theodorsen's lift model},
  author={Brunton, Steven L and Rowley, Clarence W},
  journal={Journal of Fluids and Structures},
  volume={38},
  pages={174--186},
  year={2013},
  publisher={Elsevier}
}

@article{pedley1999large,
  title={Large-amplitude undulatory fish swimming: fluid mechanics coupled to internal mechanics},
  author={Pedley, TJ and Hill, SJ},
  journal={Journal of Experimental Biology},
  volume={202},
  number={23},
  pages={3431--3438},
  year={1999},
  publisher={The Company of Biologists Ltd}
}

@article{jones2005falling,
  title={Falling cards},
  author={Jones, Marvin A and Shelley, Michael J},
  journal={Journal of Fluid Mechanics},
  volume={540},
  pages={393--425},
  year={2005},
  publisher={Cambridge Univ Press}
}

@article{shukla2007inviscid,
  title={An inviscid model for vortex shedding from a deforming body},
  author={Shukla, Ratnesh K and Eldredge, Jeff D},
  journal={Theoretical and Computational Fluid Dynamics},
  volume={21},
  number={5},
  pages={343--368},
  year={2007},
  publisher={Springer}
}

@article{singh2008hydrodynamics,
  title={The hydrodynamics of flexible-body manoeuvres in swimming fish},
  author={Singh, Kiran and Pedley, Timothy J},
  journal={Physica D: Nonlinear Phenomena},
  volume={237},
  number={14},
  pages={2234--2239},
  year={2008},
  publisher={Elsevier}
}

@article{alben2009simulating,
  title={Simulating the dynamics of flexible bodies and vortex sheets},
  author={Alben, Silas},
  journal={Journal of Computational Physics},
  volume={228},
  number={7},
  pages={2587--2603},
  year={2009},
  publisher={Elsevier}
}

@article{michelin2009unsteady,
  title={An unsteady point vortex method for coupled fluid--solid problems},
  author={Michelin, S{\'e}bastien and Smith, Stefan G Llewellyn},
  journal={Theoretical and Computational Fluid Dynamics},
  volume={23},
  number={2},
  pages={127--153},
  year={2009},
  publisher={Springer}
}

@article{michelin2010falling,
  title={Falling cards and flapping flags: understanding fluid--solid interactions using an unsteady point vortex model},
  author={Michelin, S{\'e}bastien and Smith, Stefan G Llewellyn},
  journal={Theoretical and Computational Fluid Dynamics},
  volume={24},
  number={1-4},
  pages={195--200},
  year={2010},
  publisher={Springer}
}

@incollection{sheng2012simulating,
  title={Simulating vortex wakes of flapping plates},
  author={Sheng, JX and Ysasi, A and Kolomenskiy, Dmitry and Kanso, E and Nitsche, M and Schneider, Kai},
  booktitle={Natural Locomotion in Fluids and on Surfaces},
  pages={255--262},
  year={2012},
  publisher={Springer}
}

@article{chorin1978vortex,
  title={Vortex sheet approximation of boundary layers},
  author={Chorin, Alexandre Joel},
  journal={Journal of Computational Physics},
  volume={27},
  number={3},
  pages={428--442},
  year={1978},
  publisher={Elsevier}
}

@article{leonard1980vortex,
  title={Vortex methods for flow simulation},
  author={Leonard, Anthony},
  journal={Journal of Computational Physics},
  volume={37},
  number={3},
  pages={289--335},
  year={1980},
  publisher={Elsevier}
}

@article{sethian1988validation,
  title={Validation study of vortex methods},
  author={Sethian, James A and Ghoniem, Ahmed F},
  journal={Journal of Computational Physics},
  volume={74},
  number={2},
  pages={283--317},
  year={1988},
  publisher={Elsevier}
}

@article{anderson1989vorticity,
  title={Vorticity boundary conditions and boundary vorticity generation for two-dimensional viscous incompressible flows},
  author={Anderson, Christopher R},
  journal={Journal of Computational Physics},
  volume={80},
  number={1},
  pages={72--97},
  year={1989},
  publisher={Elsevier}
}

@article{koumoutsakos1994boundary,
  title={Boundary conditions for viscous vortex methods},
  author={Koumoutsakos, Petros and Leonard, Anthony and Pepin, F},
  journal={Journal of Computational Physics},
  volume={113},
  number={1},
  pages={52--61},
  year={1994},
  publisher={Elsevier}
}

@article{summers1996numerical,
  title={Numerical vorticity creation based on impulse conservation},
  author={Summers, David M and Chorin, Alexandre J},
  journal={Proceedings of the National Academy of Sciences},
  volume={93},
  number={5},
  pages={1881--1885},
  year={1996},
  publisher={National Acad Sciences}
}

@article{eldredge2002vortex,
  title={A vortex particle method for two-dimensional compressible flow},
  author={Eldredge, Jeff D and Colonius, Tim and Leonard, Anthony},
  journal={Journal of Computational Physics},
  volume={179},
  number={2},
  pages={371--399},
  year={2002},
  publisher={Elsevier}
}

@article{yao1996dynamics,
  title={On the dynamics of multi-dimensional detonation},
  author={Yao, Jin and Stewart, D Scott},
  journal={Journal of Fluid Mechanics},
  volume={309},
  pages={225--275},
  year={1996},
  publisher={Cambridge Univ Press}
}

@article{matalon2003hydrodynamic,
  title={Hydrodynamic theory of premixed flames: effects of stoichiometry, variable transport coefficients and arbitrary reaction orders},
  author={Matalon, M and Cui, C and Bechtold, JK},
  journal={Journal of Fluid Mechanics},
  volume={487},
  pages={179--210},
  year={2003},
  publisher={Cambridge Univ Press}
}

@article{bar1975initial,
  title={Initial flow field over an impulsively started circular cylinder},
  author={Bar-Lev, Moshe and Yang, HT},
  journal={Journal of Fluid Mechanics},
  volume={72},
  number={04},
  pages={625--647},
  year={1975},
  publisher={Cambridge Univ Press}
}

@article{koumoutsakos1995high,
  title={High-resolution simulations of the flow around an impulsively started cylinder using vortex methods},
  author={Koumoutsakos, Petros and Leonard, A},
  journal={Journal of Fluid Mechanics},
  volume={296},
  pages={1--38},
  year={1995},
  publisher={Cambridge Univ Press}
}

@article{greengard1987fast,
  title={A fast algorithm for particle simulations},
  author={Greengard, Leslie and Rokhlin, Vladimir},
  journal={Journal of computational physics},
  volume={73},
  number={2},
  pages={325--348},
  year={1987},
  publisher={Elsevier}
}

@article{yokota2012hierarchical,
  title={Hierarchical n-body simulations with autotuning for heterogeneous systems},
  author={Yokota, Rio and Barba, Lorena A},
  journal={Computing in Science \& Engineering},
  volume={14},
  number={3},
  pages={30--39},
  year={2012},
  publisher={AIP Publishing}
}

@book{sobey2000introduction,
  title={Introduction to interactive boundary layer theory},
  author={Sobey, Ian John},
  volume={3},
  year={2000},
  publisher={Oxford University Press}
}

@article{spalart1983numerical,
  title={Numerical simulation of separated flows},
  author={Spalart, Philippe R},
  year={1983}
}

@article{zhu2011optimal,
  title={Optimal frequency for flow energy harvesting of a flapping foil},
  author={Zhu, Qiang},
  journal={Journal of fluid mechanics},
  volume={675},
  pages={495--517},
  year={2011},
  publisher={Cambridge Univ Press}
}

@article{peng2009energy,
  title={Energy harvesting through flow-induced oscillations of a foil},
  author={Peng, Zhangli and Zhu, Qiang},
  journal={Physics of Fluids (1994-present)},
  volume={21},
  number={12},
  pages={123602},
  year={2009},
  publisher={AIP Publishing}
}

@article{triantafyllou1991wake,
  title={Wake mechanics for thrust generation in oscillating foils},
  author={Triantafyllou, MS and Triantafyllou, GS and Gopalkrishnan, R},
  journal={Physics of Fluids A: Fluid Dynamics (1989-1993)},
  volume={3},
  number={12},
  pages={2835--2837},
  year={1991},
  publisher={AIP Publishing}
}

@article{triantafyllou1987absolute,
  title={Absolute instabilities and self-sustained oscillations in the wake of circular cylinders},
  author={Triantafyllou, George S and Kupfer, Kenneth and Bers, Abraham},
  journal={Physical review letters},
  volume={59},
  number={17},
  pages={1914},
  year={1987},
  publisher={APS}
}

@article{gharib1998universal,
  title={A universal time scale for vortex ring formation},
  author={Gharib, Morteza and Rambod, Edmond and Shariff, Karim},
  journal={Journal of Fluid Mechanics},
  volume={360},
  pages={121--140},
  year={1998},
  publisher={Cambridge Univ Press}
}

@book{anderson1993investigation,
  title={Investigation of the use of Prandtl/Navier-Stokes equation procedures for two-dimensional incompressible flows},
  author={Anderson, Christopher R and Reider, Marc},
  year={1993},
  publisher={Springer}
}

@article{barnes1986hierarchical,
  title={A hierarchical O (N log N) force-calculation algorithm},
  author={Barnes, Josh and Hut, Piet},
  year={1986},
  publisher={Nature Publishing Group}
}

@article{bouard1980early,
  title={The early stage of development of the wake behind an impulsively started cylinder for 40< Re< 10 4},
  author={Bouard, Roger and Coutanceau, Madeleine},
  journal={Journal of Fluid Mechanics},
  volume={101},
  number={03},
  pages={583--607},
  year={1980},
  publisher={Cambridge Univ Press}
}

@article{chang1991numerical,
  title={A numerical study of flow around an impulsively started circular cylinder by a deterministic vortex method},
  author={Chang, Chien-Cheng and Chern, Ruey-Ling},
  journal={Journal of Fluid Mechanics},
  volume={233},
  pages={243--263},
  year={1991},
  publisher={Cambridge Univ Press}
}

@article{collins1973initial,
  title={The initial flow past an impulsively started circular cylinder},
  author={Collins, WM and Dennis, SCR},
  journal={The Quarterly Journal of Mechanics and Applied Mathematics},
  volume={26},
  number={1},
  pages={53--75},
  year={1973},
  publisher={Oxford Univ Press}
}

@article{collins1973flow,
  title={Flow past an impulsively started circular cylinder},
  author={Collins, WM and Dennis, SCR},
  journal={Journal of Fluid Mechanics},
  volume={60},
  number={01},
  pages={105--127},
  year={1973},
  publisher={Cambridge Univ Press}
}

@article{dennis1991asymptotic,
  title={An asymptotic matching condition for unsteady boundary-layer flows governed by the Navier-Stokes equations},
  author={Dennis, SCR and Kocabiyik, S},
  journal={IMA journal of applied mathematics},
  volume={47},
  number={1},
  pages={81--98},
  year={1991},
  publisher={IMA}
}

@phdthesis{koumoutsakos1993direct,
  title={Direct numerical simulations of unsteady separated flows using vortex methods},
  author={Koumoutsakos, Petros D},
  year={1993},
  school={California Institute of Technology}
}

@article{smith1988impulsively,
  title={Impulsively started flow around a circular cylinder by the vortex method},
  author={Smith, PA t and Stansby, PK},
  journal={Journal of Fluid Mechanics},
  volume={194},
  pages={45--77},
  year={1988},
  publisher={Cambridge Univ Press}
}

@article{loc1980numerical,
  title={Numerical analysis of unsteady secondary vortices generated by an impulsively started circular cylinder},
  author={Loc, Ta Phuoc},
  journal={Journal of Fluid Mechanics},
  volume={100},
  number={01},
  pages={111--128},
  year={1980},
  publisher={Cambridge Univ Press}
}

@article{loc1985numerical,
  title={Numerical solution of the early stage of the unsteady viscous flow around a circular cylinder: a comparison with experimental visualization and measurements},
  author={Loc, Ta Phuoc and Bouard, R},
  journal={Journal of Fluid Mechanics},
  volume={160},
  pages={93--117},
  year={1985},
  publisher={Cambridge Univ Press}
}